@manual{frequenzanalyse,
    author = {{Christian Arning}},
    title =  {Farbkodierte Duplexsonographie der hirnversorgenden Arterien},
    year =   {2002},
}
@manual{Doppler,
    author = {{Labor Bioelektrische Technik}},
    title =  {Signalverarbeitung in Ultraschall-Dopplerger√§ten},
    year =   {2020},
}
