@manual{Pulsoxymetrie,
    author = {{Labor Bioelektrische Technik}},
    title =  {Pulsoxymetrische Erfassung der Sauerstoffsättigung},
    year =   {2021},
}

@manual{Doppler,
    author = {{Labor Bioelektrische Technik}},
    title =  {Signalverarbeitung in Ultraschall-Dopplergeräten},
    year =   {2020},
}

@manual{Spirometrie,
    author = {Urs Moser},
    title = {Spirometrie und Pneumotachographie},
    date = {2020-05-22}
}

@book{Kramme,
    author = {Rüdiger Kramme},
    title = {Medizintechnik},
    year = {2007},
    edition = {3. Auflage},
}

@online{Flusskurven,
    author = {C Buess},
    title = {Spirometrie und erweiterte Lungenfunktionsdiagnostik},
    year = {2015},
    url = {https://media.springernature.com/original/springer-static/image/chp%3A10.1007%2F978-3-662-45538-8_13-1/MediaObjects/332193_0_De_13-1_Fig7_HTML.gif},
    urldate = {2021-05-10}
}