@manual{Pulsoxymetrie,
    author = {{Labor Bioelektrische Technik}},
    title =  {Pulsoxymetrische Erfassung der Sauerstoffs√§ttigung},
    year =   {2021},
}


