@manual{Echographie,
    author = {{Labor Bioelektrische Technik}},
    title =  {Ultraschall-Echografie},
    year =   {2021},
}
@manual{medUS,
    author = {{Prof. Dr. Urs Moser}},
    title =  {Medizinische Ultraschalldiagnostik Teil 1},
    year =   {2021},
}
@manual{gruppenstrahler,
    author = {{Polymer Service GmbH Merseburg}},
    title =  {Ultraschall-Gruppenstrahler-Prüfköpfe},
    year =   {2018},
    url = {https://wiki.polymerservice-merseburg.de/index.php/Ultraschall-Gruppenstrahler-Pr%C3%BCfk%C3%B6pfe},
}
@manual{arraytechnik,
    author = {{Branson Krautkramer},{Bill Waldron}},
    title =  {Ultraschall-Array-Technik für industrielle Anwendungen},
    year =   {2018},
    url = {https://www.ndt.net/article/v05n09/waldron/waldron.htm#3},
}